% Encoding: UTF-8

@Article{ENS_ENHANCED,
  author   = {P. Goy and J.-M. Raimond and M. Gross and S. Haroche},
  title    = {Observation of Cavity-Enhanced Single Atom Spontaneous Emission},
  journal  = {Phys. Rev. Lett.},
  year     = {1983},
  volume   = {50},
  pages    = {1903},
  file     = {ENS_ENHANCED.pdf:ens/ENS_ENHANCED.pdf:PDF;ENS_ENHANCED.pdf:ens/ENS_ENHANCED.pdf:PDF},
  keywords = {CQED,ENS,history,Purcell},
}

@Book{TXT_GALLAGHER,
  title     = {Rydberg Atoms},
  publisher = {Cambridge University Press},
  year      = {1994},
  author    = {T. F. Gallagher},
  address   = {Cambridge},
  comment   = {All on Rydberg atoms},
  keywords  = {TXT,Rydberg},
}

@Article{MX_CODATA14,
  author    = {Mohr, Peter J. and Newell, David B. and Taylor, Barry N.},
  title     = {CODATA recommended values of the fundamental physical constants: 2014},
  journal   = {Rev. Mod. Phys.},
  year      = {2016},
  volume    = {88},
  pages     = {035009},
  file      = {MX_CODATA14.pdf:Users/jean-michel.raimond/Documents/bibliography/mx/MX_CODATA14.pdf:PDF},
  issue     = {3},
  keywords  = {mx,metrology,review},
  numpages  = {73},
  owner     = {jmr},
  timestamp = {2017-02-06},
}

@Book{TXT_COHEN1FR,
  title     = {M{\'e}canique Quantique},
  publisher = {Hermann},
  year      = {1977},
  author    = {C. Cohen-Tannoudji and B. Diu and F. Lalo{\"e}},
  volume    = {1},
  address   = {Paris, France},
  comment   = {Cohen classic 1},
  keywords  = {TXT,QM},
}

@Book{TXT_COHEN2FR,
  title     = {M{\'e}canique Quantique},
  publisher = {Hermann},
  year      = {1977},
  author    = {C. Cohen-Tannoudji and B. Diu and F. Lalo{\"e}},
  volume    = {2},
  address   = {Paris, France},
  comment   = {Cohen classic 2},
  keywords  = {TXT,QM},
}

@Article{MX_GALLAGHERSPECRBNSND03,
  author    = {Li, Wenhui and Mourachko, I. and Noel, M. W. and Gallagher, T. F.},
  title     = {Millimeter-wave spectroscopy of cold Rb Rydberg atoms in a magneto-optical trap: Quantum defects of the ns, np, and nd series},
  journal   = {Phys. Rev. A},
  year      = {2003},
  volume    = {67},
  pages     = {052502},
  file      = {MX_GALLAGHERSPECRBNSND03.pdf:mx/MX_GALLAGHERSPECRBNSND03.pdf:PDF},
  issue     = {5},
  keywords  = {mx, Rydberg, spectroscopy},
  numpages  = {7},
  owner     = {jmr},
  timestamp = {2014.06.25},
}

@Article{MX_GALLAGHERSPECRBNF06,
  author    = {Han, Jianing and Jamil, Yasir and Norum, D. V. L. and Tanner, Paul J. and Gallagher, T. F.},
  title     = {Rb nf quantum defects from millimeter-wave spectroscopy of cold Rb85 Rydberg atoms},
  journal   = {Phys. Rev. A},
  year      = {2006},
  volume    = {74},
  pages     = {054502},
  file      = {MX_GALLAGHERSPECRBNF06.pdf:mx/MX_GALLAGHERSPECRBNF06.pdf:PDF},
  issue     = {5},
  keywords  = {mx, Rydberg,spectroscopy},
  numpages  = {4},
  owner     = {jmr},
  timestamp = {2014.06.25},
}

@Article{MX_MACKNSNDRYD,
  author    = {{M}ack, {M}arkus and {K}arlewski, {F}lorian and {H}attermann, {H}elge and {H}\"ockh, {S}imone and {J}essen, {F}lorian and {C}ano, {D}aniel and {F}ort\'agh, {J}\'ozsef},
  title     = {{M}easurement of absolute transition frequencies of $^{87}\mathrm{Rb}$ to $\mathit{nS}$ and $\mathit{nD}$ {R}ydberg states by means of electromagnetically induced transparency},
  journal   = {{P}hys. {R}ev. {A}},
  year      = {2011},
  volume    = {83},
  pages     = {052515},
  month     = {May},
  doi       = {10.1103/PhysRevA.83.052515},
  issue     = {5},
  numpages  = {8},
  publisher = {{A}merican {P}hysical {S}ociety},
  url       = {http://link.aps.org/doi/10.1103/PhysRevA.83.052515},
}

@Article{ENS_SPECNA2,
  author   = {C. Fabre and S. Haroche and P. Goy},
  title    = {Millimeter Spectroscopy in {S}odium {R}ydberg states:Quantum Defects, Fine Structure and PolarisabilityMeasurements},
  journal  = pra,
  year     = {1978},
  volume   = {18},
  pages    = {229},
  file     = {ENS_SPECNA2.pdf:ens/ENS_SPECNA2.pdf:PDF;ENS_SPECNA2.pdf:ens/ENS_SPECNA2.pdf:PDF},
  keywords = {ENS,Rydberg,spectroscopy},
}

@Article{ENS_SPECCS,
  author   = {P. Goy and J.-M. Raimond and G. Vitrant and S. Haroche},
  title    = {Millimeter-Wave Spectroscopy in Cesium {R}ydberg states.Quantum Defects, Fine- and Hyperfine Structure Measurements},
  journal  = pra,
  year     = {1982},
  volume   = {26},
  pages    = {2733},
  file     = {ENS_SPECCS.pdf:ens/ENS_SPECCS.pdf:PDF;ENS_SPECCS.pdf:ens/ENS_SPECCS.pdf:PDF},
  keywords = {ENS,spectroscopy,Rydberg},
}

@Article{MX_MECHEDERYDSPECTRO87,
  author    = {D. Meschede},
  title     = {Centimeter-Wave Spectroscopy of Highly Excited Rubidium Atoms},
  journal   = {J. opt. Soc. Am. B},
  year      = {1987},
  volume    = {4},
  pages     = {413},
  file      = {MX_MECHEDERYDSPECTRO87.pdf:mx/MX_MECHEDERYDSPECTRO87.pdf:PDF;MX_MECHEDERYDSPECTRO87.pdf:mx/MX_MECHEDERYDSPECTRO87.pdf:PDF},
  keywords  = {Rydberg,Spectroscopy},
  owner     = {jmr},
  timestamp = {2013.10.26},
}

@Article{MX_MARTINSERIESSPECNA,
  author    = {W. C. Martin},
  title     = {Series formulas for the spectrum of atomic sodium (Na i)},
  journal   = {J. Opt. Soc. Am.},
  year      = {1980},
  volume    = {70},
  number    = {7},
  pages     = {784--788},
  month     = {Jul},
  abstract  = {The available data on the energy levels of Na i yield Ritz quantum-defect formulas predicting all one-electron (nl) levels with an uncertainty of {\textpm} 0.03 cm{\textminus}1 with respect to the 3s2S1/2 ground level. Such formulas are given here for the ns through ni series as expressions for the quantum defect $\delta$ in inverse even powers of n {\textminus} $\delta$0, with $\delta$0 constant for each nl series. These formulas are usually more convenient for calculations than the formulas in powers of n {\textminus} $\delta$ and core-polarization formulas given previously. Term differences or quantum defects predicted by the ns through nh formulas are compared with a number of more recent experimental determinations in the range n $=$ 13--41.},
  doi       = {10.1364/JOSA.70.000784},
  publisher = {OSA},
  url       = {http://www.osapublishing.org/abstract.cfm?URI=josa-70-7-784},
}

@Book{TXT_GORECKIPHYSTAT,
  title     = {Introduction à la mécanique statistique},
  publisher = {Presses universitaires de Grenoble},
  year      = {1992},
  author    = {BELORIZKY, Elie and GORECKI, Wladimir},
  address   = {Grenoble},
  isbn      = {2-7061-0449-X},
  details   = {http://infoscience.epfl.ch/record/25970},
  location  = {BIBLMH},
  oai-id    = {oai:infoscience.epfl.ch:25970},
  oai-set   = {book},
  pagecount = {301 p. : ill. ; 25 cm},
  unit      = {BIBLMH},
}

@Article{MX_GALLAGHERBBODY,
  author    = {Gallagher, T. F. and Cooke, W. E.},
  title     = {Interactions of Blackbody Radiation with Atoms},
  journal   = {Phys. Rev. Lett.},
  year      = {1979},
  volume    = {42},
  pages     = {835--839},
  month     = {Mar},
  doi       = {10.1103/PhysRevLett.42.835},
  issue     = {13},
  numpages  = {0},
  publisher = {American Physical Society},
  url       = {https://link.aps.org/doi/10.1103/PhysRevLett.42.835},
}

@Article{MX_PFAURYDBERGTUTO12,
  author    = {Robert L{\"o}w and Hendrik Weimer and Johannes Nipper and Jonathan B Balewski and Bj{\"o}rn Butscher and Hans Peter B{\"a}chler and Tilman Pfau},
  title     = {An experimental and theoretical guide to strongly interacting {R}ydberg gases},
  journal   = {Journal of Physics B: Atomic, Molecular and Optical Physics},
  year      = {2012},
  volume    = {45},
  pages     = {113001},
  file      = {MX_PFAURYDBERGTUTO12.pdf:mx/MX_PFAURYDBERGTUTO12.pdf:PDF;MX_PFAURYDBERGTUTO12.pdf:mx/MX_PFAURYDBERGTUTO12.pdf:PDF},
  keywords  = {Rydberg,Mx,Dipole,Vdw,Review},
  owner     = {jmr},
  timestamp = {2013.11.06},
}

@Book{TXT_JACKSON,
  title     = {Classical Electrodynamics},
  publisher = {Wiley},
  year      = {1975},
  author    = {J. D. Jackson},
  address   = {New York},
  edition   = {2},
  comment   = {The Jackson},
  keywords  = {TXT},
}

@Book{TXT_COHENGRYNBERG,
  title     = {Atom-Photon Interactions: Basic Processes and Applications},
  publisher = {Wiley},
  year      = {1998},
  author    = {Cohen-Tannoudji, C. and Dupont-Roc, J. and Grynberg, G.},
  series    = {A Wiley-Interscience publication},
  isbn      = {9780471293361},
  lccn      = {91040587},
  url       = {https://books.google.fr/books?id=Fo4gnAEACAAJ},
}

@Article{MX_BROWAEYSDD14,
  author    = {Ravets, Sylvain and Labuhn, Henning and Barredo, Daniel and Beguin, Lucas and Lahaye, Thierry and Browaeys, Antoine},
  title     = {Coherent dipole-dipole coupling between two single {R}ydberg atoms at an electrically-tuned {F\"o}rster resonance},
  journal   = {Nat. Phys.},
  year      = {2014},
  volume    = {10},
  pages     = {914--917},
  file      = {MX_BROWAEYSDD14.pdf:mx/MX_BROWAEYSDD14.pdf:PDF},
  keywords  = {mx,rydberg,dipole},
  owner     = {jmr},
  timestamp = {2014.12.09},
}

@Article{ENS_CHIPSPECTRO14,
  author    = {Hermann-Avigliano, C. and Teixeira, R. Celistrino and Nguyen, T. L. and Cantat-Moltrecht, T. and Nogues, G. and Dotsenko, I. and Gleyzes, S. and Raimond, J. M. and Haroche, S. and Brune, M.},
  title     = {Long coherence times for Rydberg qubits on a superconducting atom chip},
  journal   = {Phys. Rev. A},
  year      = {2014},
  volume    = {90},
  pages     = {040502},
  month     = {Oct},
  doi       = {10.1103/PhysRevA.90.040502},
  issue     = {4},
  numpages  = {5},
  publisher = {American Physical Society},
  url       = {http://link.aps.org/doi/10.1103/PhysRevA.90.040502},
}

@PhdThesis{PHD_CELISTRINO,
  author      = {Celistrino Teixeira, Raul},
  title       = {{Effets mécaniques de l'interaction dipolaire des atomes de Rydberg sondés par spectroscopie microonde }},
  school      = {{Universit{\'e} Pierre et Marie Curie - Paris VI}},
  year        = {2014},
  type        = {phdthesis},
  month       = Sep,
  file        = {PHD_Raul.pdf:https\://tel.archives-ouvertes.fr/tel-01076337/file/PHD_Raul.pdf:PDF},
  hal_id      = {tel-01076337},
  hal_version = {v1},
  keywords    = {dipole blockade ; microwave spectroscopy ; atom chip ; Rydberg atoms ; dipole-dipole interaction ; atomes de Rydberg ; interaction dipolaire ; puce {\`a} atomes ; spectroscopie microonde ; blocage dipolaire},
  url         = {https://tel.archives-ouvertes.fr/tel-01076337},
}

@Article{ENS_CHIPINTERACTION15,
  author    = {Teixeira, R. Celistrino and Hermann-Avigliano, C. and Nguyen, T. L. and Cantat-Moltrecht, T. and Raimond, J. M. and Haroche, S. and Gleyzes, S. and Brune, M.},
  title     = {Microwaves Probe Dipole Blockade and van der Waals Forces in a Cold Rydberg Gas},
  journal   = {Phys. Rev. Lett.},
  year      = {2015},
  volume    = {115},
  pages     = {013001},
  month     = {Jun},
  doi       = {10.1103/PhysRevLett.115.013001},
  issue     = {1},
  numpages  = {5},
  publisher = {American Physical Society},
  url       = {http://link.aps.org/doi/10.1103/PhysRevLett.115.013001},
}

@PhdThesis{PHD_HERMANN,
  author      = {Hermann-Avigliano, Carla},
  title       = {{Towards deterministic preparation of single Rydberg atoms and applications to quantum information processing}},
  school      = {{Universit{\'e} Pierre et Marie Curie - Paris VI}},
  year        = {2014},
  type        = {phdthesis},
  month       = Nov,
  file        = {these_archivage_3072019opti.pdf:https\://tel.archives-ouvertes.fr/tel-01165050/file/these_archivage_3072019opti.pdf:PDF},
  hal_id      = {tel-01165050},
  hal_version = {v1},
  keywords    = {Rydberg atoms ; Superconducting atom-chip ; Superpositions d'etats m{\'e}soscopiques ; CQED ; Spectroscopie micro-ondes ; Puce {\`a} atomes supraconductrice ; Atomes de Rydberg},
  number      = {2014PA066351},
  url         = {https://tel.archives-ouvertes.fr/tel-01165050},
}

@PhdThesis{PHD_NIRRENGARTEN,
  author    = {Thomas Nirrengarten},
  title     = {Pi\'egeage magn\'etique d'atomes de Rubidium au voisinage d'une surface supraconductrice},
  school    = {Universit\'e Paris VI},
  year      = {2007},
  owner     = {Raul},
  timestamp = {2014.06.01},
}

@PhdThesis{PHD_ROUX,
  author    = {C\'edric Roux},
  title     = {Condensation de Bose-Einstein sur une puce \`a atomes supraconductrice},
  school    = {Universit\'e Paris VI},
  year      = {2008},
  owner     = {Raul},
  timestamp = {2014.06.01},
}

@Article{MX_MEISSNEREFFECT,
  author    = {Meissner, W. and Ochsenfeld, R.},
  title     = {Ein neuer Effekt bei Eintritt der Supraleitf\"ahigkeit},
  journal   = {Naturwissenschaften},
  year      = {1933},
  volume    = {21},
  number    = {44},
  pages     = {787-788},
  issn      = {0028-1042},
  doi       = {10.1007/BF01504252},
  language  = {German},
  publisher = {Springer-Verlag},
  url       = {http://dx.doi.org/10.1007/BF01504252},
}

@Article{ENS_CHIPLIFETIME,
  author    = {A. Emmert and A. Lupa{\c{s}}cu and G. Nogues and M. Brune and J.-M. Raimond and S. Haroche},
  title     = {Measurement of the trapping lifetime close to a cold metallic surface on a cryogenic atom-chip},
  journal   = {The European Physical Journal D},
  year      = {2009},
  volume    = {51},
  number    = {2},
  pages     = {173--177},
  month     = {jan},
  doi       = {10.1140/epjd/e2009-00001-5},
  owner     = {absenthe},
  publisher = {Springer Nature},
  timestamp = {2016.09.28},
  url       = {http://dx.doi.org/10.1140/epjd/e2009-00001-5},
}

@Misc{DATA_STECKRB87,
  author = {Steck, Daniel A},
  title  = {Rubidium 87 D line data},
  year   = {2001},
  url    = {http://www.steck.us/alkalidata/rubidium87numbers.1.6.pdf},
}

@Article{MX_GUERYODELIN_SATABSIM,
  author    = {G. Reinaudi and T. Lahaye and Z. Wang and D. Gu\'{e}ry-Odelin},
  title     = {Strong saturation absorption imaging of dense clouds of ultracold atoms},
  journal   = {Opt. Lett.},
  year      = {2007},
  volume    = {32},
  number    = {21},
  pages     = {3143--3145},
  month     = {Nov},
  abstract  = {We report on a far above saturation absorption imaging technique to investigate the characteristics of dense packets of ultracold atoms. The transparency of the cloud is controlled by the incident light intensity as a result of the nonlinear response of the atoms to the probe beam. We detail our experimental procedure to calibrate the imaging system for reliable quantitative measurements and demonstrate the use of this technique to extract the profile and its spatial extent of an optically thick atomic cloud.},
  doi       = {10.1364/OL.32.003143},
  keywords  = {Laser trapping; Imaging systems},
  publisher = {OSA},
  url       = {http://ol.osa.org/abstract.cfm?URI=ol-32-21-3143},
}

@Article{MX_WHITLOCK_FRINGEREDUCTION,
  author    = {Ockeloen, C. F. and Tauschinsky, A. F. and Spreeuw, R. J. C. and Whitlock, S.},
  title     = {Detection of small atom numbers through image processing},
  journal   = {Phys. Rev. A},
  year      = {2010},
  volume    = {82},
  pages     = {061606},
  month     = {Dec},
  doi       = {10.1103/PhysRevA.82.061606},
  issue     = {6},
  numpages  = {4},
  publisher = {American Physical Society},
  url       = {https://link.aps.org/doi/10.1103/PhysRevA.82.061606},
}

@Book{TXT_ASPECTFABRE_QUANTOPT,
  title     = {Introduction to quantum optics: from the semi-classical approach to quantized light},
  publisher = {Cambridge university press},
  year      = {2010},
  author    = {Grynberg, Gilbert and Aspect, Alain and Fabre, Claude},
}

@PhdThesis{PHD_EMMERT,
  author    = {Andreas Emmert},
  title     = {Puce à atomes supraconductrice : Atomes froids dans un environnement cryogénique et excitation d'atomes de Rydberg},
  school    = {Universit\'e Paris VI},
  year      = {2009},
  owner     = {Raul},
  timestamp = {2014.06.01},
}

@Book{TXT_BETHE_ONELECTRONATOMS,
  title     = {Quantum mechanics of one-and two-electron atoms},
  publisher = {Springer Science \& Business Media},
  year      = {2012},
  author    = {Bethe, Hans A and Salpeter, Edwin E},
}

@Article{MX_TELLER_ADDITIVEVDW,
  author  = {B. M. Axilrod and E. Teller},
  title   = {Interaction of the van der Waals Type Between Three Atoms},
  journal = {The Journal of Chemical Physics},
  year    = {1943},
  volume  = {11},
  number  = {6},
  pages   = {299-300},
  doi     = {10.1063/1.1723844},
  eprint  = {http://dx.doi.org/10.1063/1.1723844},
  url     = { 
        http://dx.doi.org/10.1063/1.1723844
    
},
}

@Article{MX_BROWAEYS_COLLECRABIBLOCK,
  author               = {{G}aetan, {A}lpha and {M}iroshnychenko, {Y}evhen and {W}ilk, {T}atjana and {C}hotia, {A}modsen and {V}iteau, {M}atthieu and {C}omparat, {D}aniel and {P}illet, {P}ierre and {B}rowaeys, {A}ntoine and {G}rangier, {P}hilippe},
  title                = {{Observation of collective excitation of two individual atoms in the Rydberg blockade regime}},
  journal              = {{N}at {P}hys},
  year                 = {2009},
  volume               = {5},
  number               = {2},
  pages                = {115--118},
  month                = feb,
  issn                 = {1745-2473},
  abstract             = {{When two quantum systems interact strongly with each other, their simultaneous excitation by the same driving pulse may be forbidden. The phenomenon is known as blockade of excitation. Recently, extensive studies have been devoted to the so-called Rydberg blockade between neutral atoms, which appears when the atoms are in highly excited electronic states, owing to the interaction induced by the accompanying large dipole moments. Rydberg blockade has been proposed as a basic tool in quantum-information processing with neutral atoms1, 2, 3, 4, 5, and can be used to deterministically generate entanglement of several atoms. Here, we demonstrate Rydberg blockade between two atoms individually trapped in optical tweezers at a distance of 4 m. Moreover, we show experimentally that collective two-atom behaviour, associated with the excitation of an entangled state between the ground and Rydberg levels, enhances the allowed single-atom excitation. These observations should be a crucial step towards the deterministic manipulation of entanglement of two or more atoms, with possible implications for quantum-information science, as well as for quantum metrology, the study of strongly correlated systems in many-body physics, and fundamental studies in quantum physics.}},
  citeulike-article-id = {4000464},
  citeulike-linkout-0  = {http://dx.doi.org/10.1038/nphys1183},
  citeulike-linkout-1  = {http://dx.doi.org/10.1038/nphys1183},
  day                  = {11},
  doi                  = {10.1038/nphys1183},
  keywords             = {blockade, rydberg},
  posted-at            = {2009-02-03 10:44:02},
  publisher            = {{N}ature {P}ublishing {G}roup},
  url                  = {http://dx.doi.org/10.1038/nphys1183},
}

@Article{MX_BLOCH_SUPERATOM,
  author    = {Zeiher, Johannes and Schau\ss{}, Peter and Hild, Sebastian and Macr\`{\i}, Tommaso and Bloch, Immanuel and Gross, Christian},
  title     = {Microscopic Characterization of Scalable Coherent Rydberg Superatoms},
  journal   = {Phys. Rev. X},
  year      = {2015},
  volume    = {5},
  pages     = {031015},
  month     = {Aug},
  doi       = {10.1103/PhysRevX.5.031015},
  issue     = {3},
  numpages  = {8},
  publisher = {American Physical Society},
  url       = {http://link.aps.org/doi/10.1103/PhysRevX.5.031015},
}

@Article{MX_OTT_SUPERATOM,
  author    = {T. M. Weber and M. Höning and T. Niederprüm and T. Manthey and O. Thomas and V. Guarrera and M. Fleischhauer and G. Barontini and H. Ott},
  title     = {Mesoscopic Rydberg-blockaded ensembles in the superatom regime and beyond},
  journal   = {Nat Phys},
  year      = {2015},
  volume    = {11},
  number    = {2},
  pages     = {157--161},
  month     = {jan},
  doi       = {10.1038/nphys3214},
  owner     = {absenthe},
  publisher = {Nature Publishing Group},
  timestamp = {2016.08.24},
  url       = {http://dx.doi.org/10.1038/nphys3214},
}

@Article{MX_PFAURYDBERGBEC13,
  author    = {Balewski, Jonathan B. and Krupp, Alexander T. and Gaj, Anita and Peter, David and Buchler, Hans Peter and Low, Robert and Hofferberth, Sebastian and Pfau, Tilman},
  title     = {Coupling a single electron to a Bose-Einstein condensate},
  journal   = {Nature},
  year      = {2013},
  volume    = {502},
  pages     = {664--667},
  file      = {MX_PFAURYDBERGBEC13.pdf:mx/MX_PFAURYDBERGBEC13.pdf:PDF;MX_PFAURYDBERGBEC13.pdf:mx/MX_PFAURYDBERGBEC13.pdf:PDF},
  keywords  = {Mx,Rydberg,Bec,Dipole},
  owner     = {jmr},
  timestamp = {2013.11.06},
}

@Article{MX_WEIDEMULLERRYDAGREGATES14,
  author    = {Schempp, H. and G\"unter, G. and Robert-de-Saint-Vincent, M. and Hofmann, C. S. and Breyel, D. and Komnik, A. and Sch\"onleber, D. W. and G\"arttner, M. and Evers, J. and Whitlock, S. and Weidem\"uller, M.},
  title     = {Full Counting Statistics of Laser Excited Rydberg Aggregates in a One-Dimensional Geometry},
  journal   = {Phys. Rev. Lett.},
  year      = {2014},
  volume    = {112},
  pages     = {013002},
  month     = {Jan},
  doi       = {10.1103/PhysRevLett.112.013002},
  issue     = {1},
  numpages  = {5},
  publisher = {American Physical Society},
  url       = {http://link.aps.org/doi/10.1103/PhysRevLett.112.013002},
}

@PhdThesis{PHD_NGUYEN,
  author      = {Nguyen, Thanh Long},
  title       = {{Study of dipole-dipole interaction between Rydberg atoms : toward quantum simulation with Rydberg atoms}},
  school      = {{Universit{\'e} Pierre et Marie Curie - Paris VI}},
  year        = {2016},
  type        = {Theses},
  month       = Nov,
  hal_id      = {tel-01609840},
  hal_version = {v1},
  keywords    = {Quantum simulation ; Rydberg atoms ; Atom chip ; Simulation quantique ; Atomes de Rydberg ; Atomes circulaires ; Interaction dipolaire ; Puce {\`a} atome ; Spectroscopie micro-onde},
  number      = {2016PA066695},
  pdf         = {https://tel.archives-ouvertes.fr/tel-01609840/file/2016PA066695.pdf},
  url         = {https://tel.archives-ouvertes.fr/tel-01609840},
}

@Article{ENS_PRE_CIRCSIM,
  author  = {Nguyen, Thanh Long and Raimond, Jean-Michel and Sayrin, Cl{\'e}ment and Cortinas, Rodrigo and Cantat-Moltrecht, Tigrane and Assemat, F{\'e}d{\'e}ric and Dotsenko, Igor and Gleyzes, S{\'e}bastien and Haroche, Serge and Roux, Guillaume and others},
  title   = {Towards quantum simulation with circular Rydberg atoms},
  journal = {arXiv preprint arXiv:1707.04397},
  year    = {2017},
}

@Article{MX_KELPPNER_INHIBITION,
  author    = {Kleppner, Daniel},
  title     = {Inhibited Spontaneous Emission},
  journal   = {Phys. Rev. Lett.},
  year      = {1981},
  volume    = {47},
  pages     = {233--236},
  month     = {Jul},
  doi       = {10.1103/PhysRevLett.47.233},
  issue     = {4},
  numpages  = {0},
  publisher = {American Physical Society},
  url       = {https://link.aps.org/doi/10.1103/PhysRevLett.47.233},
}

@Article{MX_DMITRIEV02,
  author    = {Dmitriev, D. V. and Krivnov, V. Ya. and Ovchinnikov, A. A. and Langari, A.},
  title     = {One-dimensional anisotropic {H}eisenberg model in the transverse magnetic field},
  journal   = {Journal of Experimental and Theoretical Physics},
  year      = {2002},
  volume    = {95},
  number    = {3},
  pages     = {538--549},
  file      = {MX_DMITRIEV02.pdf:mx/MX_DMITRIEV02.pdf:PDF},
  keywords  = {mx,transport,theory},
  owner     = {jmr},
  timestamp = {2017-06-18},
}

@Article{MX_FABRERYDHF76,
  author    = {Avan, P. and Cohen-Tannoudji, C. and Dupont-Roc, J. and Fabre, C.},
  title     = {Effect of high-frequency irradiation on the dynamical Properties of weakly bound Electrons},
  journal   = {Journal de Physique},
  year      = {1976},
  volume    = {37},
  pages     = {993-1009},
  file      = {MX_FABRERYDHF76.pdf:Users/jean-michel.raimond/Documents/bibliography/mx/MX_FABRERYDHF76.pdf:PDF},
  keywords  = {mx,Rydberg,theory},
  owner     = {jmr},
  timestamp = {2017-03-28},
}

@Comment{jabref-meta: databaseType:bibtex;}
